@article{A1,
author = {Sample, Autor1},
title = {Tit1},
journal = {Gazeta1},
year = 1997,
}
@article{A2,
author = {Sample, Autor2},
title = {Tit2},
journal = {Gazeta2},
year=1232,
}
@book{K1,
author = {Janusz, X},
title = {Cos},
publisher = {Wydawnictwo SZALOM},
year = 1937,
}
@proceedings{Ref1,
editor = {A, X},
year = 1999,
}
@unpublished{U1,
author = {W, D},
title = {Niepubliczny},
note = {Bo tak},
}
@manual{Man1,
title = {Manual},
}
